<?xml version="1.0" encoding="UTF-8"?><collection xmlns="http://www.loc.gov/MARC21/slim"><record><leader>00546nam--2200193-i-4500</leader><controlfield tag="001">000001782</controlfield><controlfield tag="002">20161230</controlfield><controlfield tag="005">20170107120613</controlfield><controlfield tag="008">060222s1000------------r-----000-0-eng-d</controlfield><datafield ind1=" " ind2=" " tag="040"><subfield code="a">IFIN-HH</subfield></datafield><datafield ind1=" " ind2=" " tag="080"><subfield code="a">518</subfield></datafield><datafield ind1=" " ind2=" " tag="100"><subfield code="a">Erd¿s, P©Łl</subfield></datafield><datafield ind1="1" ind2="0" tag="245"><subfield code="a">Theory of graphs</subfield><subfield code="b">Proceedings of the colloquium held at Tihany, Ungary, September 1966</subfield><subfield code="c">Edited by P. Erdos and G. Katona</subfield></datafield><datafield ind1=" " ind2=" " tag="260"><subfield code="a">Akad©♭miai Kiad©đ</subfield><subfield code="c">1968</subfield></datafield><datafield ind1=" " ind2=" " tag="300"><subfield code="a">370 p</subfield></datafield><datafield ind1=" " ind2=" " tag="490"><subfield code="a">Proceedings</subfield></datafield><datafield ind1="1" ind2=" " tag="700"><subfield code="a">Katona, G</subfield><subfield code="e">ed</subfield></datafield><datafield ind1=" " ind2=" " tag="852"><subfield code="a">29980</subfield><subfield code="c">519.2</subfield></datafield><datafield ind1=" " ind2=" " tag="CAT"><subfield code="a">SYS</subfield><subfield code="c">20170107</subfield><subfield code="h">120613</subfield></datafield></record></collection>